@article{saha2020nonparametric,
  title={On the nonparametric maximum likelihood estimator for Gaussian location mixture densities with application to Gaussian denoising},
  author={Saha, Sujayam and Guntuboyina, Adityanand},
  journal={Annals of Statistics},
  volume={48},
  number={2},
  pages={738--762},
  year={2020},
  publisher={Institute of Mathematical Statistics}
}

@article{powell1964efficient,
  title={An efficient method for finding the minimum of a function of several variables without calculating derivatives},
  author={Powell, Michael JD},
  journal={The computer journal},
  volume={7},
  number={2},
  pages={155--162},
  year={1964},
  publisher={Oxford University Press}
}

@book{van2000asymptotic,
  title={Asymptotic statistics},
  author={Van der Vaart, Aad W},
  volume={3},
  year={2000},
  publisher={Cambridge university press}
}

@article{viele2002modeling,
  title={Modeling with mixtures of linear regressions},
  author={Viele, Kert and Tong, Barbara},
  journal={Statistics and Computing},
  volume={12},
  number={4},
  pages={315--330},
  year={2002},
  publisher={Springer}
}

@inproceedings{lashkari2008convex,
  title={Convex clustering with exemplar-based models},
  author={Lashkari, Danial and Golland, Polina},
  booktitle={Advances in neural information processing systems},
  pages={825--832},
  year={2008}
}
@article{quandt1958estimation,
  title={The estimation of the parameters of a linear regression system obeying two separate regimes},
  author={Quandt, Richard E},
  journal={Journal of the american statistical association},
  volume={53},
  number={284},
  pages={873--880},
  year={1958},
  publisher={Taylor \& Francis Group}
}

@article{zhang2009generalized,
  title={Generalized maximum likelihood estimation of normal mixture densities},
  author={Zhang, Cun-Hui},
  journal={Statistica Sinica},
  pages={1297--1318},
  year={2009},
  publisher={JSTOR}
}

@article{huang2013nonparametric,
  title={Nonparametric mixture of regression models},
  author={Huang, Mian and Li, Runze and Wang, Shaoli},
  journal={Journal of the American Statistical Association},
  volume={108},
  number={503},
  pages={929--941},
  year={2013},
  publisher={Taylor \& Francis}
}


@article{de1989mixtures,
  title={Mixtures of linear regressions},
  author={De Veaux, Richard D},
  journal={Computational Statistics \& Data Analysis},
  volume={8},
  number={3},
  pages={227--245},
  year={1989},
  publisher={Elsevier}
}

@article{grun2007applications,
  title={Applications of finite mixtures of regression models},
  author={Gr{\"u}n, Bettina and Leisch, Friedrich},
  journal={URL: http://cran. r-project. org/web/packages/flexmix/vignettes/regression-examples. pdf},
  year={2007}
}
@book{swamy2012statistical,
  title={Statistical inference in random coefficient regression models},
  author={Swamy, Paravastu Ananta Venkata Bhattanadha},
  volume={55},
  year={2012},
  publisher={Springer Science \& Business Media}
}

@article{faria2010fitting,
  title={Fitting mixtures of linear regressions},
  author={Faria, Susana and Soromenho, Gilda},
  journal={Journal of Statistical Computation and Simulation},
  volume={80},
  number={2},
  pages={201--225},
  year={2010},
  publisher={Taylor \& Francis}
}

@article{jordan1994hierarchical,
  title={Hierarchical mixtures of experts and the EM algorithm},
  author={Jordan, Michael I and Jacobs, Robert A},
  journal={Neural computation},
  volume={6},
  number={2},
  pages={181--214},
  year={1994},
  publisher={MIT Press}
}

@article{wu1983convergence,
  title={On the convergence properties of the EM algorithm},
  author={Wu, CF Jeff},
  journal={The Annals of Statistics},
  pages={95--103},
  year={1983},
  publisher={JSTOR}
}

@inproceedings{chaganty2013spectral,
  title={Spectral experts for estimating mixtures of linear regressions},
  author={Chaganty, Arun Tejasvi and Liang, Percy},
  booktitle={International Conference on Machine Learning},
  pages={1040--1048},
  year={2013}
}

@inproceedings{zhong2016mixed,
  title={Mixed linear regression with multiple components},
  author={Zhong, Kai and Jain, Prateek and Dhillon, Inderjit S},
  booktitle={Advances in neural information processing systems},
  pages={2190--2198},
  year={2016}
}


@inproceedings{li2018learning,
  title={Learning Mixtures of Linear Regressions with Nearly Optimal Complexity},
  author={Li, Yuanzhi and Liang, Yingyu},
  booktitle={Conference On Learning Theory},
  pages={1125--1144},
  year={2018}
}

@article{klusowski2019estimating,
  title={Estimating the coefficients of a mixture of two linear regressions by expectation maximization},
  author={Klusowski, Jason M and Yang, Dana and Brinda, WD},
  journal={IEEE Transactions on Information Theory},
  volume={65},
  number={6},
  pages={3515--3524},
  year={2019},
  publisher={IEEE}
}

@article{koenker2014convex,
  title={Convex optimization, shape constraints, compound decisions, and empirical Bayes rules},
  author={Koenker, Roger and Mizera, Ivan},
  journal={Journal of the American Statistical Association},
  volume={109},
  number={506},
  pages={674--685},
  year={2014},
  publisher={Taylor \& Francis}
}


@book{phelps2001lectures,
  title={Lectures on Choquet's theorem},
  author={Phelps, Robert R},
  year={2001},
  publisher={Springer Science \& Business Media}
}

@article{lindsay1983geometrya,
  title={The geometry of mixture likelihoods: a general theory},
  author={Lindsay, Bruce G},
  journal={The Annals of Statistics},
  pages={86--94},
  year={1983},
  publisher={JSTOR}
}

@article{lindsay1983geometryb,
  title={The geometry of mixture likelihoods, part II: the exponential family},
  author={Lindsay, Bruce G},
  journal={The Annals of Statistics},
  volume={11},
  number={3},
  pages={783--792},
  year={1983},
  publisher={Institute of Mathematical Statistics}
}


@book{rockafellar2015convex,
  title={Convex analysis},
  author={Rockafellar, Ralph Tyrell},
  year={2015},
  publisher={Princeton university press}
}

@article{jagabathula2018conditional,
  title={A Conditional Gradient Approach for Nonparametric Estimation of Mixing Distributions},
  author={Jagabathula, Srikanth and Subramanian, Lakshminarayanan and Venkataraman, Ashwin},
  year={2018}
}

@article{montuelle2014mixture,
  title={Mixture of Gaussian regressions model with logistic weights, a penalized maximum likelihood approach},
  author={Montuelle, Lucie and Le Pennec, Erwan},
  journal={Electronic journal of statistics},
  volume={8},
  number={1},
  pages={1661--1695},
  year={2014},
  publisher={The Institute of Mathematical Statistics and the Bernoulli Society}
}

@book{phelps2001lectures,
  title={Lectures on Choquet's theorem},
  author={Phelps, Robert R},
  year={2001},
  publisher={Springer Science \& Business Media}
}

@book{rudin1991functional,
  title={Functional analysis. International series in pure and applied mathematics},
  author={Rudin, Walter},
  year={1991},
  publisher={McGraw-Hill, Inc., New York}
}

@article{bertsekas2003convex,
  title={Convex analysis and optimization},
  author={Bertsekas, Dimitri P and Nedi, Angelia and Ozdaglar, Asuman E},
  year={2003},
  publisher={Athena Scientific}
}

@book{silvey1980optimal,
  title={Optimal design: an introduction to the theory for parameter estimation},
  author={Silvey, S.D.},
  volume={1},
  year={1980},
  publisher={Springer Science \& Business Media}
}

@book{parthasarathy2005probability,
  title={Probability measures on metric spaces},
  author={Parthasarathy, Kalyanapuram Rangachari},
  volume={352},
  year={2005},
  publisher={American Mathematical Soc.}
}

@article{boyd2017alternating,
  title={The alternating descent conditional gradient method for sparse inverse problems},
  author={Boyd, Nicholas and Schiebinger, Geoffrey and Recht, Benjamin},
  journal={SIAM Journal on Optimization},
  volume={27},
  number={2},
  pages={616--639},
  year={2017},
  publisher={SIAM}
}

@inproceedings{jaggi2013revisiting,
  title={Revisiting Frank-Wolfe: Projection-Free Sparse Convex Optimization},
  author={Jaggi, Martin},
  booktitle={Proceedings of The 30th International Conference on Machine Learning},
  volume={28},
  number={1},
  pages={427--435},
  year={2013},
  organization={Curran}
}

@article{cohen1980inharmonic,
  title={Inharmonic tone perception},
  author={Cohen, E},
  journal={Unpublished Ph. D. Dissertation, Stanford University},
  year={1980}
}

@article{de1989mixtures,
  title={Mixtures of linear regressions},
  author={De Veaux, Richard D},
  journal={Computational Statistics \& Data Analysis},
  volume={8},
  number={3},
  pages={227--245},
  year={1989},
  publisher={Elsevier}
}

@article{viele2002modeling,
  title={Modeling with mixtures of linear regressions},
  author={Viele, Kert and Tong, Barbara},
  journal={Statistics and Computing},
  volume={12},
  number={4},
  pages={315--330},
  year={2002},
  publisher={Springer}
}
@article{yao2015mixtures,
  title={Mixtures of linear regression with measurement errors},
  author={Yao, Weixin and Song, Weixing},
  journal={Communications in Statistics-Theory and Methods},
  volume={44},
  number={8},
  pages={1602--1614},
  year={2015},
  publisher={Taylor \& Francis}
}
@Article{R,
    title = {{mixtools}: An {R} Package for Analyzing Finite Mixture
      Models},
    author = {Tatiana Benaglia and Didier Chauveau and David R. Hunter
      and Derek Young},
    journal = {Journal of Statistical Software},
    year = {2009},
    volume = {32},
    number = {6},
    pages = {1--29},
    url = {http://www.jstatsoft.org/v32/i06/},
  }
@article{boiteau1998rate,
  title={Rate of spread of PVY n by alateMyzus persicae (Sulzer) from infected to healthy plants under laboratory conditions},
  author={Boiteau, G and Singh, M and Singh, RP and Tai, GCC and Turner, TR},
  journal={Potato Research},
  volume={41},
  number={4},
  pages={335--344},
  year={1998},
  publisher={Springer}
}

@book{bohning2000computer,
  title={Computer-assisted analysis of mixtures and applications},
  author={B{\"o}hning, Dankmar},
  year={2000},
  publisher={Taylor \& Francis Group}
}

@article{bohning1986vertex,
  title={A vertex-exchange-method in D-optimal design theory},
  author={B{\"o}hning, D},
  journal={Metrika},
  volume={33},
  number={1},
  pages={337--347},
  year={1986},
  publisher={Springer}
}

@article{wu1978some,
  title={Some algorithmic aspects of the theory of optimal designs},
  author={Wu, Chien-Fu},
  journal={The Annals of Statistics},
  pages={1286--1301},
  year={1978},
  publisher={JSTOR}
}

@book{durrett2019probability,
  title={Probability: theory and examples},
  author={Durrett, Rick},
  volume={49},
  year={2019},
  publisher={Cambridge university press}
}

@inproceedings{zhong2016mixed,
  title={Mixed linear regression with multiple components},
  author={Zhong, Kai and Jain, Prateek and Dhillon, Inderjit S},
  booktitle={Advances in neural information processing systems},
  pages={2190--2198},
  year={2016}
}

@inproceedings{sedghi2016provable,
  title={Provable tensor methods for learning mixtures of generalized linear models},
  author={Sedghi, Hanie and Janzamin, Majid and Anandkumar, Anima},
  booktitle={Artificial Intelligence and Statistics},
  pages={1223--1231},
  year={2016}
}

@inproceedings{chen2014convex,
  title={A convex formulation for mixed regression with two components: Minimax optimal rates},
  author={Chen, Yudong and Yi, Xinyang and Caramanis, Constantine},
  booktitle={Conference on Learning Theory},
  pages={560--604},
  year={2014}
}
\
@inproceedings{yi2014alternating,
  title={Alternating minimization for mixed linear regression},
  author={Yi, Xinyang and Caramanis, Constantine and Sanghavi, Sujay},
  booktitle={International Conference on Machine Learning},
  pages={613--621},
  year={2014}
}


@article{beran1992estimating,
  title={Estimating coefficient distributions in random coefficient regressions},
  author={Beran, Rudolf and Hall, Peter},
  journal={The Annals of Statistics},
  volume={20},
  number={4},
  pages={1970--1984},
  year={1992},
  publisher={Institute of Mathematical Statistics}
}

@article{beran1994minimum,
  title={Minimum distance estimation in random coefficient regression models},
  author={Beran, Rudi and Millar, P Warwick},
  journal={The Annals of Statistics},
  volume={22},
  number={4},
  pages={1976--1992},
  year={1994},
  publisher={Institute of Mathematical Statistics}
}

@article{beran1996nonparametric,
  title={On nonparametric estimation of intercept and slope distributions in random coefficient regression},
  author={Beran, Rudolf and Feuerverger, Andrey and Hall, Peter},
  journal={The Annals of Statistics},
  volume={24},
  number={6},
  pages={2569--2592},
  year={1996},
  publisher={Institute of Mathematical Statistics}
}

@article{jiang2009general,
  title={General maximum likelihood empirical Bayes estimation of normal means},
  author={Jiang, Wenhua and Zhang, Cun-Hui},
  journal={The Annals of Statistics},
  volume={37},
  number={4},
  pages={1647--1684},
  year={2009},
  publisher={Institute of Mathematical Statistics}
}

@article{balakrishnan2017statistical,
  title={Statistical guarantees for the EM algorithm: From population to sample-based analysis},
  author={Balakrishnan, Sivaraman and Wainwright, Martin J and Yu, Bin},
  journal={The Annals of Statistics},
  volume={45},
  number={1},
  pages={77--120},
  year={2017},
  publisher={Institute of Mathematical Statistics}
}

@article{mallet1986maximum,
  title={A maximum likelihood estimation method for random coefficient regression models},
  author={Mallet, AA},
  journal={Biometrika},
  volume={73},
  number={3},
  pages={645--656},
  year={1986},
  publisher={Oxford University Press}
}

@article{kasahara2015test,
author = {Hiroyuki Kasahara and Katsumi Shimotsu},
title = {Testing the Number of Components in Normal Mixture Regression Models},
journal = {Journal of the American Statistical Association},
volume = {110},
number = {512},
pages = {1632-1645},
year  = {2015},
publisher = {Taylor & Francis},
}

@article{laird1978nonparametric,
  title={Nonparametric maximum likelihood estimation of a mixing distribution},
  author={Laird, Nan},
  journal={Journal of the American Statistical Association},
  volume={73},
  number={364},
  pages={805--811},
  year={1978},
  publisher={Taylor \& Francis Group}
}

@article{kiefer1956consistency,
  title={Consistency of the maximum likelihood estimator in the presence of infinitely many incidental parameters},
  author={Kiefer, Jack and Wolfowitz, Jacob},
  journal={The Annals of Mathematical Statistics},
  pages={887--906},
  year={1956},
  publisher={JSTOR}
}

@inproceedings{Longford1994RandomCM,
  title={Random Coefficient Models},
  author={Nicholas T. Longford},
  booktitle={International Encyclopedia of Statistical Science},
  year={1994}
}

@book{hsiao2014analysis,
  title={Analysis of panel data},
  author={Hsiao, Cheng},
  number={54},
  year={2014},
  publisher={Cambridge university press}
}

@article{yuh1994population,
  title={Population pharmacokinetic/pharmacodynamic methodology and applications: a bibliography},
  author={Yuh, Lianng and Beal, Stuart and Davidian, Marie and Harrison, Ferrin and Hester, Allen and Kowalski, Kenneth and Vonesh, Edward and Wolfinger, Russell},
  journal={Biometrics},
  pages={566--575},
  year={1994},
  publisher={JSTOR}
}

@book{wedel2012market,
  title={Market segmentation: Conceptual and methodological foundations},
  author={Wedel, Michel and Kamakura, Wagner A},
  volume={8},
  year={2012},
  publisher={Springer Science \& Business Media}
}


@inproceedings{lindsay1995mixture,
  title={Mixture models: theory, geometry and applications},
  author={Lindsay, Bruce G},
  booktitle={NSF-CBMS regional conference series in probability and statistics},
  pages={i--163},
  year={1995},
  organization={JSTOR}
}

@article{hastie2005elements,
  title={The elements of statistical learning: data mining, inference and prediction},
  author={Hastie, Trevor and Tibshirani, Robert and Friedman, Jerome and Franklin, James},
  journal={The Mathematical Intelligencer},
  volume={27},
  number={2},
  pages={83--85},
  year={2005},
  publisher={Springer}
}

@article{dicker2016high,
  title={High-dimensional classification via nonparametric empirical Bayes and maximum likelihood inference},
  author={Dicker, Lee H and Zhao, Sihai D},
  journal={Biometrika},
  volume={103},
  number={1},
  pages={21--34},
  year={2016},
  publisher={Oxford University Press}
}

@article{feuerverger2000positron,
  title={Positron emission tomography and random coefficients regression},
  author={Feuerverger, Andrey and Vardi, Yehuda},
  journal={Annals of the Institute of Statistical Mathematics},
  volume={52},
  number={1},
  pages={123--138},
  year={2000},
  publisher={Springer}
}

@article{hoderlein2010analyzing,
  title={Analyzing the random coefficient model nonparametrically},
  author={Hoderlein, Stefan and Klemel{\"a}, Jussi and Mammen, Enno},
  journal={Econometric Theory},
  volume={26},
  number={3},
  pages={804--837},
  year={2010},
  publisher={Cambridge University Press}
}

@article{feng2018approximate,
  title={Approximate nonparametric maximum likelihood for mixture models: A convex optimization approach to fitting arbitrary multivariate mixing distributions},
  author={Feng, Long and Dicker, Lee H},
  journal={Computational Statistics \& Data Analysis},
  volume={122},
  pages={80--91},
  year={2018},
  publisher={Elsevier}
}

@article{boiteau1998rate,
  title={Rate of spread of PVY n by alateMyzus persicae (Sulzer) from infected to healthy plants under laboratory conditions},
  author={Boiteau, G and Singh, M and Singh, RP and Tai, GCC and Turner, TR},
  journal={Potato Research},
  volume={41},
  number={4},
  pages={335--344},
  year={1998},
  publisher={Springer}
}

@article{ghosal2001entropies,
  title={Entropies and rates of convergence for maximum likelihood and Bayes estimation for mixtures of normal densities},
  author={Ghosal, Subhashis and Van Der Vaart, Aad W},
  journal={The Annals of Statistics},
  volume={29},
  number={5},
  pages={1233--1263},
  year={2001},
  publisher={Institute of Mathematical Statistics}
}

@article{ghosal2007posterior,
  title={Posterior convergence rates of Dirichlet mixtures at smooth densities},
  author={Ghosal, Subhashis and Van Der Vaart, Aad},
  journal={The Annals of Statistics},
  volume={35},
  number={2},
  pages={697--723},
  year={2007},
  publisher={Institute of Mathematical Statistics}
}

@book{van1996weak,
  title={Weak Convergence and Empirical Processes: With Applications to Statistics},
  author={van der Vaart, Aad and van der Vaart, AW and van der Vaart, Adrianus Willem and Wellner, Jon},
  year={1996},
  publisher={Springer Science \& Business Media}
}

@book{boucheron2013concentration,
  title={Concentration inequalities: A nonasymptotic theory of independence},
  author={Boucheron, St{\'e}phane and Lugosi, G{\'a}bor and Massart, Pascal},
  year={2013},
  publisher={Oxford university press}
}

@article{lai2003nonparametric,
  title={Nonparametric estimation in nonlinear mixed effects models},
  author={Lai, Tze Leung and Shih, Mei-Chiung},
  journal={Biometrika},
  volume={90},
  number={1},
  pages={1--13},
  year={2003},
  publisher={Oxford University Press}
}

@Manual{rmize,
    title = {mize: Unconstrained Numerical Optimization Algorithms},
    author = {James Melville},
    year = {2019},
    note = {R package version 0.2.3},
    url = {https://cran.r-project.org/web/packages/mize/},
  }

@Manual{rmosek,
    title = {The R to MOSEK Optimization Interface},
    author = {Henrik A. Friberg},
    year = {2019},
    note = {R package version 1.3.5 )},
    url = {https://cran.r-project.org/web/packages/Rmosek/index.html},
  }

@inproceedings{2019global,
  title={Global convergence of the em algorithm for mixtures of two component linear regression},
  author={Kwon, Jeongyeol and Qian, Wei and Caramanis, Constantine and Chen, Yudong and Davis, Damek},
  booktitle={Conference on Learning Theory},
  pages={2055--2110},
  year={2019}
}

@inproceedings{netrapalli2013phase,
  title={Phase retrieval using alternating minimization},
  author={Netrapalli, Praneeth and Jain, Prateek and Sanghavi, Sujay},
  booktitle={Advances in Neural Information Processing Systems},
  pages={2796--2804},
  year={2013}
}
@article{cai2019chime,
  title={CHIME: Clustering of high-dimensional Gaussian mixtures with EM algorithm and its optimality},
  author={Cai, T Tony and Ma, Jing and Zhang, Linjun },
  journal={The Annals of Statistics},
  volume={47},
  number={3},
  pages={1234--1267},
  year={2019},
  publisher={Institute of Mathematical Statistics}
}

@article{de1989mixtures,
  title={Mixtures of linear regressions},
  author={De Veaux, Richard D},
  journal={Computational Statistics \& Data Analysis},
  volume={8},
  number={3},
  pages={227--245},
  year={1989},
  publisher={Elsevier}
}

@article{frank1956algorithm,
  title={An algorithm for quadratic programming},
  author={Frank, Marguerite and Wolfe, Philip},
  journal={Naval research logistics quarterly},
  volume={3},
  number={1-2},
  pages={95--110},
  year={1956},
  publisher={Wiley Subscription Services, Inc., A Wiley Company New York}
}
